%! Author = kyoto
%! Date = 09.03.2022

